<?xml version="1.0" encoding="UTF-8"?><record xmlns="http://www.loc.gov/MARC21/slim" xmlns:cinclude="http://apache.org/cocoon/include/1.0" xmlns:zs="http://www.loc.gov/zing/srw/">
  <leader>00559cz  a2200145n  4500</leader>
  <controlfield tag="001">n  85147958 </controlfield>
  <controlfield tag="003">DLC</controlfield>
  <controlfield tag="005">20141209080339.0</controlfield>
  <controlfield tag="008">851204n| azannaab           |a aaa      </controlfield>
  <datafield tag="010" ind1=" " ind2=" ">
    <subfield code="a">n  85147958 </subfield>
  </datafield>
  <datafield tag="040" ind1=" " ind2=" ">
    <subfield code="a">DLC</subfield>
    <subfield code="b">eng</subfield>
    <subfield code="e">rda</subfield>
    <subfield code="c">DLC</subfield>
    <subfield code="d">DLC</subfield>
  </datafield>
  <datafield tag="100" ind1="1" ind2=" ">
    <subfield code="a">Malashenko, I. E.</subfield>
  </datafield>
  <datafield tag="400" ind1="1" ind2="0">
    <subfield code="a">Malashenko, Igorʹ Evgenʹevich</subfield>
  </datafield>
  <datafield tag="670" ind1=" " ind2=" ">
    <subfield code="a">Batalov, E. I︠A︡. Ideologicheskai︠a︡ strategii︠a︡ SShA na mirovoĭ arene, 1985:</subfield>
    <subfield code="b">t.p. (I. E. Malashenko)</subfield>
  </datafield>
  <datafield tag="670" ind1=" " ind2=" ">
    <subfield code="a">His SShA--v poiskakh "konsensusa", 1988:</subfield>
    <subfield code="b">t.p. (I.E. Malashenko) verso t.p. (Malashenko Igorʹ Evgenʹevich)</subfield>
  </datafield>
</record>